@article{woodbury1950inverting,
  title={Inverting modified matrices},
  author={Woodbury, Max A},
  journal={Memorandum report},
  volume={42},
  number={106},
  pages={336},
  year={1950},
  publisher={Statistical Research Group, Princeton University}
}
@phdthesis{wen2013array,
  title={Array signal processing using spatial domain infinite impulse response structure and volterra model.},
  author={Wen, Fuxi},
  year={2013}
}
@article{van1988beamforming,
  title={Beamforming: A versatile approach to spatial filtering},
  author={Van Veen, Barry D and Buckley, Kevin M},
  journal={IEEE assp magazine},
  volume={5},
  number={2},
  pages={4--24},
  year={1988},
  publisher={IEEE}
}
@article{ComplexIIRFilterDesign2011Zlatka,
title={cCmplex iir filter design},
author = {Valkova-Jarvis, Zlatka and Stoyanov, Georgi and Iliev, Georgi and Poulkov, Vladimir},
year = {2011},
month = {04},
pages = {},
title = {Complex Coefficient IIR Digital Filters},
isbn = {978-953-307-190-9}
}